<?xml version="1.0" encoding="UTF-8"?><collection xmlns="http://www.loc.gov/MARC21/slim"><record><leader>00534nam--2200193-i-4500</leader><controlfield tag="001">000023441</controlfield><controlfield tag="002">20161230</controlfield><controlfield tag="005">20161230201035</controlfield><controlfield tag="008">060222s1000------------r-----000-0-eng-d</controlfield><datafield ind1=" " ind2=" " tag="020"><subfield code="a">0408706376</subfield></datafield><datafield ind1=" " ind2=" " tag="040"><subfield code="a">IFIN-HH</subfield></datafield><datafield ind1=" " ind2=" " tag="080"><subfield code="a">539.1.074.3:535.373.1</subfield></datafield><datafield ind1="1" ind2=" " tag="100"><subfield code="a">Neame, K.D</subfield></datafield><datafield ind1="1" ind2="0" tag="245"><subfield code="a">Introduction to liquid scintillation counting</subfield><subfield code="c">K.d. neame, c.a. homewood</subfield></datafield><datafield ind1=" " ind2=" " tag="260"><subfield code="a">London</subfield><subfield code="b">Butterworths</subfield><subfield code="c">1974</subfield></datafield><datafield ind1=" " ind2=" " tag="300"><subfield code="a">VIII + 180P</subfield></datafield><datafield ind1="1" ind2=" " tag="700"><subfield code="a">Homewood, C.A</subfield></datafield><datafield ind1=" " ind2=" " tag="852"><subfield code="a">43108</subfield><subfield code="c">539.1.07:539.1.08</subfield></datafield><datafield ind1=" " ind2=" " tag="CAT"><subfield code="a">Sys</subfield><subfield code="c">20111026</subfield><subfield code="h">140958</subfield></datafield></record></collection>